@article{sathishkumar_forest_2023,
    author = {Sathishkumar, Veerappampalayam Easwaramoorthy and Cho, Jaehyuk and Subramanian, Malliga and Naren, Obuli Sai},
    title = {Forest fire and smoke detection using deep learning-based learning without forgetting},
    volume = {19},
    issn = {1933-9747},
    url = {https://fireecology.springeropen.com/articles/10.1186/s42408-022-00165-0},
    doi = {10.1186/s42408-022-00165-0},
    pages = {9},
    number = {1},
    journaltitle = {Fire Ecology},
    shortjournal = {fire ecol},
    urldate = {2023-03-26},
    date = {2023-02-17},
    langid = {english},
}

@article{li_image_2020,
    title = {Image fire detection algorithms based on convolutional neural networks},
    volume = {19},
    issn = {2214157X},
    url = {https://linkinghub.elsevier.com/retrieve/pii/S2214157X2030085X},
    doi = {10.1016/j.csite.2020.100625},
    pages = {100625},
    journaltitle = {Case Studies in Thermal Engineering},
    shortjournal = {Case Studies in Thermal Engineering},
    author = {Li, Pu and Zhao, Wangda},
    urldate = {2023-03-26},
    date = {2020-06},
    langid = {english},
}

@article{an_robust_2022,
    title = {A Robust Fire Detection Model via Convolution Neural Networks for Intelligent Robot Vision Sensing},
    volume = {22},
    issn = {1424-8220},
    url = {https://www.mdpi.com/1424-8220/22/8/2929},
    doi = {10.3390/s22082929},
    pages = {2929},
    number = {8},
    journaltitle = {Sensors},
    shortjournal = {Sensors},
    author = {An, Qing and Chen, Xijiang and Zhang, Junqian and Shi, Ruizhe and Yang, Yuanjun and Huang, Wei},
    urldate = {2023-03-26},
    date = {2022-04-11},
    langid = {english},
    keywords = {method, notion},
}

@article{calderara_vision_2011,
    title = {Vision based smoke detection system using image energy and color information},
    volume = {22},
    issn = {0932-8092, 1432-1769},
    url = {http://link.springer.com/10.1007/s00138-010-0272-1},
    doi = {10.1007/s00138-010-0272-1},
    pages = {705--719},
    number = {4},
    journaltitle = {Machine Vision and Applications},
    shortjournal = {Machine Vision and Applications},
    author = {Calderara, Simone and Piccinini, Paolo and Cucchiara, Rita},
    urldate = {2023-03-26},
    date = {2011-07},
    langid = {english},
    keywords = {method, notion},
    file = {Full Text:C\:\\Users\\Hamza\\Zotero\\storage\\MMRWWBFP\\Calderara et al. - 2011 - Vision based smoke detection system using image en.pdf:application/pdf},
}

@article{saeed_convolutional_2020,
    title = {Convolutional neural network based early fire detection},
    volume = {79},
    issn = {1380-7501, 1573-7721},
    url = {http://link.springer.com/10.1007/s11042-019-07785-w},
    doi = {10.1007/s11042-019-07785-w},
    pages = {9083--9099},
    number = {13},
    journaltitle = {Multimedia Tools and Applications},
    shortjournal = {Multimed Tools Appl},
    author = {Saeed, Faisal and Paul, Anand and Karthigaikumar, P. and Nayyar, Anand},
    urldate = {2023-03-26},
    date = {2020-04},
    langid = {english},
    keywords = {dataset, notion},
}

@article{shamsoshoara_aerial_2020,
    title = {Aerial Imagery Pile burn detection using Deep Learning: the {FLAME} dataset},
    rights = {{arXiv}.org perpetual, non-exclusive license},
    url = {https://arxiv.org/abs/2012.14036},
    doi = {10.48550/ARXIV.2012.14036},
    shorttitle = {Aerial Imagery Pile burn detection using Deep Learning},
    author = {Shamsoshoara, Alireza and Afghah, Fatemeh and Razi, Abolfazl and Zheng, Liming and Fulé, Peter Z and Blasch, Erik},
    urldate = {2023-03-27},
    date = {2020},
    note = {Publisher: {arXiv}
    Version Number: 1},
    keywords = {dataset, notion},
}

@article{chino_bowfire_2015,
    title = {{BoWFire}: Detection of Fire in Still Images by Integrating Pixel Color and Texture Analysis},
    rights = {{arXiv}.org perpetual, non-exclusive license},
    url = {https://arxiv.org/abs/1506.03495},
    doi = {10.48550/ARXIV.1506.03495},
    shorttitle = {{BoWFire}},
    author = {Chino, Daniel Y. T. and Avalhais, Letricia P. S. and Rodrigues, Jose F. and Traina, Agma J. M.},
    urldate = {2023-03-27},
    date = {2015},
    note = {Publisher: {arXiv}
    Version Number: 1},
    keywords = {dataset, notion},
}

@article{ryan_marinelli_analysis_2022,
    title = {Analysis of Deep Learning Architectures and Efficacy of Detecting Forest Fires},
    doi = {10.48550/arxiv.2212.04030},
    journaltitle = {{ArXiv}},
    author = {{Ryan Marinelli}},
    date = {2022},
    doi = {10.48550/arxiv.2212.04030},
    note = {{ARXIV}\_ID: 2212.04030
    S2ID: 6e71edc210e2f6f24825d1f1e34eb0fd2b7d0000},
    keywords = {evaluation, notion},
}

@misc{wang_fasdd_2022,
    title = {{FASDD}: An Open-access 100,000-level Flame And Smoke Detection Dataset for Deep Learning in Fire {DetectionFASDD}: An Open-access 100,000-level Flame And Smoke Detection Dataset for Deep Learning in Fire Detection},
    rights = {Creative Commons Attribution Share Alike 4.0 International},
    url = {https://www.scidb.cn/en/detail?dataSetId=ce9c9400b44148e1b0a749f5c3eb0bda},
    shorttitle = {{FASDD}},
    publisher = {Science Data Bank},
    author = {Wang, Ming and Liangcun Jiang and Yue, Peng and Dayu Yu and Tianyu Tuo},
    urldate = {2023-04-08},
    date = {2022-08-02},
    langid = {english},
    doi = {10.57760/SCIENCEDB.J00104.00103},
    note = {Artwork Size: 72044627588 bytes, 3 files
    Pages: 72044627588 bytes, 3 files
    Version Number: V3
    Type: dataset},
    keywords = {dataset, notion},
}

@article{zhang_wildland_2018,
    title = {Wildland Forest Fire Smoke Detection Based on Faster R-{CNN} using Synthetic Smoke Images},
    volume = {211},
    issn = {18777058},
    url = {https://linkinghub.elsevier.com/retrieve/pii/S1877705817362574},
    doi = {10.1016/j.proeng.2017.12.034},
    pages = {441--446},
    journaltitle = {Procedia Engineering},
    shortjournal = {Procedia Engineering},
    author = {Zhang, Qi-xing and Lin, Gao-hua and Zhang, Yong-ming and Xu, Gao and Wang, Jin-jun},
    urldate = {2023-04-08},
    date = {2018},
    langid = {english},
    keywords = {dataset, method, notion},
    file = {Full Text:C\:\\Users\\Hamza\\Zotero\\storage\\26DWZ4ZS\\Zhang et al. - 2018 - Wildland Forest Fire Smoke Detection Based on Fast.pdf:application/pdf},
}

@article{chen_rethinking_2017,
    title = {Rethinking Atrous Convolution for Semantic Image Segmentation},
    rights = {{arXiv}.org perpetual, non-exclusive license},
    url = {https://arxiv.org/abs/1706.05587},
    doi = {10.48550/ARXIV.1706.05587},
    author = {Chen, Liang-Chieh and Papandreou, George and Schroff, Florian and Adam, Hartwig},
    urldate = {2023-04-08},
    date = {2017},
    note = {Publisher: {arXiv}
    Version Number: 3},
    keywords = {method, notion},
}

@article{xie_segformer_2021,
    title = {{SegFormer}: Simple and Efficient Design for Semantic Segmentation with Transformers},
    rights = {{arXiv}.org perpetual, non-exclusive license},
    url = {https://arxiv.org/abs/2105.15203},
    doi = {10.48550/ARXIV.2105.15203},
    shorttitle = {{SegFormer}},
    author = {Xie, Enze and Wang, Wenhai and Yu, Zhiding and Anandkumar, Anima and Alvarez, Jose M. and Luo, Ping},
    urldate = {2023-04-25},
    date = {2021},
    note = {Publisher: {arXiv}
    Version Number: 3},
    keywords = {Computer Vision and Pattern Recognition (cs.{CV}), {FOS}: Computer and information sciences, Machine Learning (cs.{LG}), notion},
}

@article{howard_searching_2019,
    title = {Searching for {MobileNetV}3},
    rights = {{arXiv}.org perpetual, non-exclusive license},
    url = {https://arxiv.org/abs/1905.02244},
    doi = {10.48550/ARXIV.1905.02244},
    author = {Howard, Andrew and Sandler, Mark and Chu, Grace and Chen, Liang-Chieh and Chen, Bo and Tan, Mingxing and Wang, Weijun and Zhu, Yukun and Pang, Ruoming and Vasudevan, Vijay and Le, Quoc V. and Adam, Hartwig},
    urldate = {2023-04-25},
    date = {2019},
    note = {Publisher: {arXiv}
    Version Number: 5},
    keywords = {Computer Vision and Pattern Recognition (cs.{CV}), {FOS}: Computer and information sciences, notion},
}

@article{howard_mobilenets_2017,
    title = {{MobileNets}: Efficient Convolutional Neural Networks for Mobile Vision Applications},
    rights = {{arXiv}.org perpetual, non-exclusive license},
    url = {https://arxiv.org/abs/1704.04861},
    doi = {10.48550/ARXIV.1704.04861},
    shorttitle = {{MobileNets}},
    author = {Howard, Andrew G. and Zhu, Menglong and Chen, Bo and Kalenichenko, Dmitry and Wang, Weijun and Weyand, Tobias and Andreetto, Marco and Adam, Hartwig},
    urldate = {2023-04-25},
    date = {2017},
    note = {Publisher: {arXiv}
    Version Number: 1},
    keywords = {Computer Vision and Pattern Recognition (cs.{CV}), {FOS}: Computer and information sciences},
}

@article{he_deep_2015,
    title = {Deep Residual Learning for Image Recognition},
    rights = {{arXiv}.org perpetual, non-exclusive license},
    url = {https://arxiv.org/abs/1512.03385},
    doi = {10.48550/ARXIV.1512.03385},
    author = {He, Kaiming and Zhang, Xiangyu and Ren, Shaoqing and Sun, Jian},
    urldate = {2023-04-25},
    date = {2015},
    note = {Publisher: {arXiv}
    Version Number: 1},
    keywords = {Computer Vision and Pattern Recognition (cs.{CV}), {FOS}: Computer and information sciences, notion},
}

@article{vision_pedro,
    author = {Pedro Gomes and Pedro Santana and José Barata},
    title ={A Vision-Based Approach to Fire Detection},
    journal = {International Journal of Advanced Robotic Systems},
    volume = {11},
    number = {9},
    pages = {149},
    year = {2014},
    doi = {10.5772/58821},
    URL = {https://doi.org/10.5772/58821},
    eprint = {https://doi.org/10.5772/58821}
}

@article{dynamic_ye,
    title = {Dynamic texture based smoke detection using Surfacelet transform and HMT model},
    journal = {Fire Safety Journal},
    volume = {73},
    pages = {91-101},
    year = {2015},
    issn = {0379-7112},
    doi = {https://doi.org/10.1016/j.firesaf.2015.03.001},
    url = {https://www.sciencedirect.com/science/article/pii/S0379711215000375},
    author = {Wei Ye and Jianhui Zhao and Song Wang and Yong Wang and Dengyi Zhang and Zhiyong Yuan},
    keywords = {Surfacelet transform, HMT model, Dynamic texture descriptor, Smoke detection},
}

@Article{segment_islam,
    AUTHOR = {Islam, Md Rashedul and Amiruzzaman, Md and Nasim, Shahriar and Shin, Jungpil},
    TITLE = {Smoke Object Segmentation and the Dynamic Growth Feature Model for Video-Based Smoke Detection Systems},
    JOURNAL = {Symmetry},
    VOLUME = {12},
    YEAR = {2020},
    NUMBER = {7},
    ARTICLE-NUMBER = {1075},
    URL = {https://www.mdpi.com/2073-8994/12/7/1075},
    ISSN = {2073-8994},
}

@article{early_fire_muhammad,
    title = {Early fire detection using convolutional neural networks during surveillance for effective disaster management},
    journal = {Neurocomputing},
    volume = {288},
    pages = {30-42},
    year = {2018},
    note = {Learning System in Real-time Machine Vision},
    issn = {0925-2312},
    doi = {https://doi.org/10.1016/j.neucom.2017.04.083},
    url = {https://www.sciencedirect.com/science/article/pii/S0925231217319203},
    author = {Khan Muhammad and Jamil Ahmad and Sung Wook Baik},
    keywords = {Machine learning, Image classification, Learning vision, Deep learning, Surveillance networks, Fire detection, Disaster management},
}

@Article{saliency_zhao,
    AUTHOR = {Zhao, Yi and Ma, Jiale and Li, Xiaohui and Zhang, Jie},
    TITLE = {Saliency Detection and Deep Learning-Based Wildfire Identification in UAV Imagery},
    JOURNAL = {Sensors},
    VOLUME = {18},
    YEAR = {2018},
    NUMBER = {3},
    ARTICLE-NUMBER = {712},
    URL = {https://www.mdpi.com/1424-8220/18/3/712},
    PubMedID = {29495504},
    ISSN = {1424-8220},
    DOI = {10.3390/s18030712}
}

@InProceedings{hierarchies_girshick,
    author = {Girshick, Ross and Donahue, Jeff and Darrell, Trevor and Malik, Jitendra},
    title = {Rich Feature Hierarchies for Accurate Object Detection and Semantic Segmentation},
    booktitle = {Proceedings of the IEEE Conference on Computer Vision and Pattern Recognition (CVPR)},
    month = {June},
    year = {2014}
}

@article{yolo_bochkovskiy,
    title={YOLOv4: Optimal Speed and Accuracy of Object Detection}, 
    author={Alexey Bochkovskiy and Chien-Yao Wang and Hong-Yuan Mark Liao},
    year={2020},
    eprint={2004.10934},
    archivePrefix={arXiv},
    primaryClass={cs.CV}
}

@article{early_fire_saeed, 
    title={Convolutional neural network based early fire detection}, 
    volume={79},
    DOI={10.1007/s11042-019-07785-w}, 
    number={13-14}, 
    journal={Multimedia Tools and Applications}, 
    author={Saeed, Faisal and Paul, Anand and Karthigaikumar, P. and Nayyar, Anand}, year={2019}, pages={9083–9099}
}

@article{multichannel_mao, 
    title={Fire recognition based on multi-channel convolutional Neural Network}, 
    volume={54}, 
    DOI={10.1007/s10694-017-0695-6}, 
    number={2}, 
    journal={Fire Technology}, 
    author={Mao, Wentao and Wang, Wenpeng and Dou, Zhi and Li, Yuan}, 
    year={2018}, 
    pages={531–554}
}

@article{gaussian_han, 
    title={Video fire detection based on gaussian mixture model and multi-color features}, 
    volume={11}, 
    DOI={10.1007/s11760-017-1102-y}, 
    number={8}, 
    journal={Signal, Image and Video Processing}, 
    author={Han, Xian-Feng and Jin, Jesse S. and Wang, Ming-Jie and Jiang, Wei and Gao, Lei and Xiao, Li-Ping}, 
    year={2017}, 
    pages={1419–1425}
}

@article{detection_zhao, 
    title={Forest fire smoke video detection using spatiotemporal and dynamic texture features}, 
    volume={2015}, 
    DOI={10.1155/2015/706187}, 
    journal={Journal of Electrical and Computer Engineering}, 
    author={Zhao, Yaqin and Zhou, Zhong and Xu, Mingming}, 
    year={2015}, 
    pages={1–7}
}


@misc{wildfire_observer_smoke_recog,
	title = {Welcome to the {Wildfire} {Observers} and {Smoke} {Recognition} {Homepage}},
	url = {http://wildfire.fesb.hr/index.php},
	abstract = {Wildfire Smoke Racognition Homepage},
	urldate = {2023-04-26},
	journal = {Wildfire Observers and Smoke Recognition },
}

@misc{wildfire_aiformankind,
	title = {Wildfire {Smoke} {Detection} {Research}},
	url = {http://aiformankind.org/wildfire-smoke-detection-research/},
	language = {en-US},
	urldate = {2023-04-26},
	journal = {wildfire-smoke-detection-research},
}

@article{howard2019searching,
      title={Searching for MobileNetV3}, 
      author={Andrew Howard and Mark Sandler and Grace Chu and Liang-Chieh Chen and Bo Chen and Mingxing Tan and Weijun Wang and Yukun Zhu and Ruoming Pang and Vijay Vasudevan and Quoc V. Le and Hartwig Adam},
      year={2019},
      eprint={1905.02244},
      archivePrefix={arXiv},
      primaryClass={cs.CV}
}

 @misc{hamza_saqib,
    title={millionhz/forest-fire-detection: Detecting forest fires using Deep Learning.}, 
    url={https://github.com/millionhz/forest-fire-detection/}, 
    journal={Github}, 
    author={Hamza, Muhammad and Saqib, Eimaan}
} 